@inproceedings{Masui:1994:RPK:191666.191722,
 author = {Masui, Toshiyuki and Nakayama, Ken},
 title = {Repeat and Predict\&Mdash;Two Keys to Efficient Text Editing},
 booktitle = {Proceedings of the SIGCHI Conference on Human Factors in Computing Systems},
 series = {CHI '94},
 year = {1994},
 isbn = {0-89791-650-6},
 location = {Boston, Massachusetts, USA},
 pages = {118--130},
 numpages = {13},
 url = {http://doi.acm.org/10.1145/191666.191722},
 doi = {10.1145/191666.191722},
 acmid = {191722},
 publisher = {ACM},
 address = {New York, NY, USA},
 keywords = {PBD, PBE, dynamic macro creation, keyboard macro, predictive interface, programming by demonstration, programming by example, text editing},
}