@inproceedings{Masui,
 author = {Masui, Toshiyuki and Nakayama, Ken},
 title = {Repeat and Predict -- Two Keys to Efficient Text Editing},
 booktitle = {Proceedings of the SIGCHI Conference on Human Factors in Computing Systems},
 series = {CHI '94},
 year = {1994},
 __isbn = {0-89791-650-6},
 __location = {Boston, Massachusetts, USA},
 pages = {118--130},
 __numpages = {13},
 __url = {http://doi.acm.org/10.1145/191666.191722},
 __doi = {10.1145/191666.191722},
 __acmid = {191722},
 __publisher = {ACM},
 __address = {New York, NY, USA},
 __keywords = {PBD, PBE, dynamic macro creation, keyboard macro, predictive interface, programming by demonstration, programming by example, text editing},
}

@webpage{webmidi,
	author =	"W3C",
	title =		"Web MIDI API",
	organization =	"W3C",
	url =	"\textsf{https://www.w3.org/TR/webmidi/}",
	refdate =	"2017-07-27"}

@webpage{webaudio,
	author =	"W3C",
	title =		"Web Audio API",
	organization =	"W3C",
	url =	"\textsf{https://www.w3.org/TR/webaudio/}",
	refdate =	"2017-07-27"}

@webpage{jacob,
	author =	"Jacob Collier",
	title =		"Don't You Worry 'Bout A Thing - Jacob Collier",
	organization =	"YouTube",
	url =	"\textsf{https://www.youtube.com/watch?v=pvKUttYs5ow}",
	refdate =	"2017-07-27"}

@webpage{resound,
	author =	"Jun Fujiwara",
	title =		"RE: SOUND BOTTLE",
	organization =	"",
	url =	"\textsf{http://rsb.tokyo/}",
	refdate =	"2017-07-27"}
